@book{CRANR,
Author = "Seefield, Kim and Linder, Ernst",
title = "Statistics Using R with Biological Examples",
year = "2007",
institution = "University of New Hampshire"
}
@book{nielsen,
Author = "Nielsen, Michael",
title = "Neural Networks and Deep Learning",
publisher = "Determination Press",
year = "2015"
}
@online{shiny,
publisher = "Rstudio",
title = "Teach Yourself Shiny",
day = "08",
month = "September",
year = "2016",

url = "http://shiny.rstudio.com/tutorial/"
}
@online{gallery,
publisher = "Rstudio",
title = "Shiny - Movie Explorer",
day = "08",
month = "September",
year = "2016",
url = "http://shiny.rstudio.com/gallery/movie-explorer.html"
}
@online{soetaert,
title = "Package deSolve: Initial Value Differential Equations in R",
author = "Karline Soetaert and Thomas Petzoldt and R. Woodrow Setzer",
url = "https://cran.r-project.org/web/packages/deSolve/vignettes/deSolve.pdf",
year = "2016"
}
@online{chasnov,
title = "Introduction to Differential Equations",
author = "Jeffrey R. Chasnov",
publisher = "Hong Kong University of Science and Technology",
year = "2016",
url =  "https://www.math.ust.hk/~machas/differential-equations.pdf"
}
@online{stan,
title = "Modelling in Biology",
author = "Guy-Bart Stan",
publisher = "Imperial College of London",
year = "2010",
url = "http://www.bg.ic.ac.uk/research/g.stan/2010_Course_MiB_article.pdf"
}
@online{Novomestky,
title = "Cluster Analysis Data Sets",
author = "Frederick Novomestky",
year = "2013",
url = "https://cran.r-project.org/web/packages/cluster.datasets/cluster.datasets.pdf"
}
@online{Martos,
title = "Cluster Analysis with R",
author = "Gabriel Martos",
url = "https://rstudio-pubs-static.s3.amazonaws.com/33876_1d7794d9a86647ca90c4f182df93f0e8.html"
}
